<?xml version="1.0" encoding="UTF-8"?><collection xmlns="http://www.loc.gov/MARC21/slim"><record><leader>00473nam--2200157-i-4500</leader><controlfield tag="001">000016546</controlfield><controlfield tag="002">20161230</controlfield><controlfield tag="005">20170205011419</controlfield><controlfield tag="008">060222s1000------------r-----000-0-eng-d</controlfield><datafield ind1=" " ind2=" " tag="100"><subfield code="a">Kac, V. G</subfield></datafield><datafield ind1=" " ind2=" " tag="245"><subfield code="a">Bombay lectures on highest weight representations of infinite dimensional lie algebras</subfield></datafield><datafield ind1=" " ind2=" " tag="260"><subfield code="a">Singapore</subfield><subfield code="b">World Scientific</subfield><subfield code="c">1987-</subfield></datafield><datafield ind1=" " ind2=" " tag="490"><subfield code="a">Advanced Series In Mathematical Physics</subfield></datafield><datafield ind1=" " ind2=" " tag="700"><subfield code="a">Raina, A. K</subfield></datafield><datafield ind1=" " ind2=" " tag="852"><subfield code="a">79741</subfield></datafield><datafield ind1=" " ind2=" " tag="CAT"><subfield code="a">SYS</subfield><subfield code="c">20170205</subfield><subfield code="h">011419</subfield></datafield></record></collection>